/home/mark/Files/PhD/OrgFiles/refs/references.bib