@article{schilder2015experimental,
  title={Experimental bifurcation analysisâ€”Continuation for noise-contaminated zero problems},
  author={Schilder, Frank and Bureau, Emil and Santos, Ilmar Ferreira and Thomsen, Jon Juel and Starke, Jens},
  journal={Journal of Sound and Vibration},
  volume={358},
  pages={251--266},
  year={2015},
  publisher={Elsevier}
}

@article{barton2017control,
  title={Control-based continuation: Bifurcation and stability analysis for physical experiments},
  author={Barton, David AW},
  journal={Mechanical Systems and Signal Processing},
  volume={84},
  pages={54--64},
  year={2017},
  publisher={Elsevier}
}

@article{sieber2008control,
  title={Control based bifurcation analysis for experiments},
  author={Sieber, Jan and Krauskopf, Bernd},
  journal={Nonlinear Dynamics},
  volume={51},
  number={3},
  pages={365--377},
  year={2008},
  publisher={Springer}
}

@inproceedings{ott1996controlling,
  title={Controlling chaos},
  author={Ott, Edward and Spano, Mark},
  booktitle={AIP Conference Proceedings},
  volume={375},
  number={1},
  pages={92--103},
  year={1996},
  organization={AIP}
}

@article{barton2013systematic,
  title={Systematic experimental exploration of bifurcations with noninvasive control},
  author={Barton, David AW and Sieber, Jan},
  journal={Physical Review E},
  volume={87},
  number={5},
  pages={052916},
  year={2013},
  publisher={APS}
}

@article{sieber2008experimental,
  title={Experimental continuation of periodic orbits through a fold},
  author={Sieber, Jan and Gonzalez-Buelga, Alicia and Neild, SA and Wagg, DJ and Krauskopf, Bernd},
  journal={Physical review letters},
  volume={100},
  number={24},
  pages={244101},
  year={2008},
  publisher={APS}
}

@article{renson2017experimental,
  title={Experimental tracking of limit-point bifurcations and backbone curves using control-based continuation},
  author={Renson, Ludovic and Barton, David AW and Neild, Simon A},
  journal={International Journal of Bifurcation and Chaos},
  volume={27},
  number={01},
  pages={1730002},
  year={2017},
  publisher={World Scientific}
}

@article{renson2019numerical,
  title={Numerical continuation in nonlinear experiments using local Gaussian process regression},
  author={Renson, L and Sieber, J and Barton, DAW and Shaw, AD and Neild, SA},
  journal={Nonlinear Dynamics},
  volume={98},
  number={4},
  pages={2811--2826},
  year={2019},
  publisher={Springer}
}

@book{williams2006gaussian,
  title={Gaussian processes for machine learning},
  author={Williams, Christopher KI and Rasmussen, Carl Edward},
  volume={2},
  number={3},
  year={2006},
  publisher={MIT press Cambridge, MA}
}

@article{knoll2004jacobian,
  title={Jacobian-free Newton--Krylov methods: a survey of approaches and applications},
  author={Knoll, Dana A and Keyes, David E},
  journal={Journal of Computational Physics},
  volume={193},
  number={2},
  pages={357--397},
  year={2004},
  publisher={Elsevier}
}

@article{keller1977numerical,
  title={Numerical solution of bifurcation and nonlinear eigenvalue problems.},
  author={Keller, Herbert B and HB, KELLER},
  year={1977}
}

@misc{FLU09a,
    title = {pydelay -- a python tool for solving delay differential equations},
    author = {Flunkert, V. and Sch{\"o}ll, E. },
    year = {2009},
    howpublished = {{\tt arXiv:0911.1633~[nlin.CD]}},
}

@misc{szalaiknut,
  title={Knut: a continuation and bifurcation software for delay-differential equations (version 8), Department of Engineering Mathematics, University of Bristol (2013)},
  author={Szalai, R}
}

@article{engelborghs2002numerical,
  title={Numerical bifurcation analysis of delay differential equations using DDE-BIFTOOL},
  author={Engelborghs, Koen and Luzyanina, Tatyana and Roose, Dirk},
  journal={ACM Transactions on Mathematical Software (TOMS)},
  volume={28},
  number={1},
  pages={1--21},
  year={2002},
  publisher={ACM New York, NY, USA}
}

@article{doedel2007auto,
  title={AUTO-07P: Continuation and bifurcation software for ordinary differential equations},
  author={Doedel, Eusebius J and Fairgrieve, Thomas F and Sandstede, Bj{\"o}rn and Champneys, Alan R and Kuznetsov, Yuri A and Wang, Xianjun},
  year={2007},
  publisher={Citeseer}
}

@article{kuznetsov2005numerical,
  title={Numerical periodic normalization for codim 1 bifurcations of limit cycles},
  author={Kuznetsov, Yu A and Govaerts, Willy and Doedel, Eusebius J and Dhooge, Annick},
  journal={SIAM journal on numerical analysis},
  volume={43},
  number={4},
  pages={1407--1435},
  year={2005},
  publisher={SIAM}
}

@article{doedel1981auto,
  title={AUTO: A program for the automatic bifurcation analysis of autonomous systems},
  author={Doedel, Eusebius J},
  journal={Congr. Numer},
  volume={30},
  number={265-284},
  pages={25--93},
  year={1981}
}

@book{ermentrout2002simulating,
  title={Simulating, analyzing, and animating dynamical systems: a guide to XPPAUT for researchers and students},
  author={Ermentrout, Bard},
  volume={14},
  year={2002},
  publisher={Siam}
}

@article{dhooge2008new,
  title={New features of the software MatCont for bifurcation analysis of dynamical systems},
  author={Dhooge, Annick and Govaerts, Willy and Kuznetsov, Yu A and Meijer, Hil Ga{\'e}tan Ellart and Sautois, Bart},
  journal={Mathematical and Computer Modelling of Dynamical Systems},
  volume={14},
  number={2},
  pages={147--175},
  year={2008},
  publisher={Taylor \& Francis}
}

@book{dankowicz2013recipes,
  title={Recipes for continuation},
  author={Dankowicz, Harry and Schilder, Frank},
  volume={11},
  year={2013},
  publisher={SIAM}
}

@article{clewley2012hybrid,
  title={Hybrid models and biological model reduction with PyDSTool},
  author={Clewley, Robert},
  journal={PLoS computational biology},
  volume={8},
  number={8},
  year={2012},
  publisher={Public Library of Science}
}

@article{champneys1996numerical,
  title={A numerical toolbox for homoclinic bifurcation analysis},
  author={Champneys, Alan R and Kuznetsov, Yu A and Sandstede, Bj{\"o}rn},
  journal={International Journal of Bifurcation and Chaos},
  volume={6},
  number={05},
  pages={867--887},
  year={1996},
  publisher={World Scientific}
}

@misc{meijer2009numerical,
  title={Numerical Bifurcation Analysis.},
  author={Meijer, Hil and Dercole, Fabio and Oldeman, Bart E},
  year={2009}
}

@incollection{govaerts2007interactive,
  title={Interactive continuation tools},
  author={Govaerts, Willy and Kuznetsov, Yuri A},
  booktitle={Numerical continuation methods for dynamical systems},
  pages={51--75},
  year={2007},
  publisher={Springer}
}

@article{beyn1990numerical,
  title={The numerical computation of connecting orbits in dynamical systems},
  author={Beyn, W-J},
  journal={IMA Journal of Numerical Analysis},
  volume={10},
  number={3},
  pages={379--405},
  year={1990},
  publisher={Oxford University Press}
}

@article{lentini1980boundary,
  title={Boundary value problems on semi-infinite intervals and their numerical solution},
  author={Lentini, Marianela and Keller, Herbert B},
  journal={SIAM Journal on Numerical Analysis},
  volume={17},
  number={4},
  pages={577--604},
  year={1980},
  publisher={SIAM}
}

@article{de1980approximation,
  title={An approximation theory for boundary value problems on infinite intervals},
  author={de Hoog, Frank R and Weiss, Richard},
  journal={Computing},
  volume={24},
  number={2-3},
  pages={227--239},
  year={1980},
  publisher={Springer}
}

@article{doedel1991numerical,
  title={Numerical analysis and control of bifurcation problems (I): Bifurcation in finite dimensions},
  author={Doedel, Eusebius and Keller, Herbert B and Kernevez, Jean Pierre},
  journal={International journal of bifurcation and chaos},
  volume={1},
  number={03},
  pages={493--520},
  year={1991},
  publisher={World Scientific}
}

@article{doedel1991numerical,
  title={Numerical analysis and control of bifurcation problems (II): Bifurcation in infinite dimensions},
  author={Doedel, Eusebius and Keller, Herbert B and Kernevez, Jean Pierre},
  journal={International Journal of Bifurcation and Chaos},
  volume={1},
  number={04},
  pages={745--772},
  year={1991},
  publisher={World Scientific}
}

@article{pyragas1992continuous,
  title={Continuous control of chaos by self-controlling feedback},
  author={Pyragas, Kestutis},
  journal={Physics letters A},
  volume={170},
  number={6},
  pages={421--428},
  year={1992},
  publisher={Elsevier}
}

@article{pyragas2001control,
  title={Control of chaos via an unstable delayed feedback controller},
  author={Pyragas, Kestutis},
  journal={Physical Review Letters},
  volume={86},
  number={11},
  pages={2265},
  year={2001},
  publisher={APS}
}

@book{allgower2003introduction,
  title={Introduction to numerical continuation methods},
  author={Allgower, Eugene L and Georg, Kurt},
  volume={45},
  year={2003},
  publisher={SIAM}
}

@article{gomes2019exploring,
  title={Exploring the Dynamics of Nonlinear Biochemical Systems using Control-Based Continuation},
  author={Gomes, Brandon and de Cesare, Irene and Guarino, Agostino and di Bernardo, Mario and Renson, Ludovic and Marucci, Lucia},
  journal={bioRxiv},
  pages={695866},
  year={2019},
  publisher={Cold Spring Harbor Laboratory}
}

@article{izhikevich2000neural,
  title={Neural excitability, spiking and bursting},
  author={Izhikevich, Eugene M},
  journal={International journal of bifurcation and chaos},
  volume={10},
  number={06},
  pages={1171--1266},
  year={2000},
  publisher={World Scientific}
}

@book{izhikevich2007dynamical,
  title={Dynamical systems in neuroscience},
  author={Izhikevich, Eugene M},
  year={2007},
  publisher={MIT press}
}

@article{hodgkin1952quantitative,
  title={A quantitative description of membrane current and its application to conduction and excitation in nerve},
  author={Hodgkin, Alan L and Huxley, Andrew F},
  journal={The Journal of physiology},
  volume={117},
  number={4},
  pages={500--544},
  year={1952},
  publisher={Wiley Online Library}
}

@article{teka2011dynamics,
  title={The dynamics underlying pseudo-plateau bursting in a pituitary cell model},
  author={Teka, Wondimu and Tabak, Jo{\"e}l and Vo, Theodore and Wechselberger, Martin and Bertram, Richard},
  journal={The Journal of Mathematical Neuroscience},
  volume={1},
  number={1},
  pages={12},
  year={2011},
  publisher={Springer}
}

@article{lisman1997bursts,
  title={Bursts as a unit of neural information: making unreliable synapses reliable},
  author={Lisman, John E},
  journal={Trends in neurosciences},
  volume={20},
  number={1},
  pages={38--43},
  year={1997},
  publisher={Elsevier}
}

@incollection{rinzel1985bursting,
  title={Bursting oscillations in an excitable membrane model},
  author={Rinzel, John},
  booktitle={Ordinary and partial differential equations},
  pages={304--316},
  year={1985},
  publisher={Springer}
}

@incollection{rinzel1987formal,
  title={A formal classification of bursting mechanisms in excitable systems},
  author={Rinzel, John},
  booktitle={Mathematical topics in population biology, morphogenesis and neurosciences},
  pages={267--281},
  year={1987},
  publisher={Springer}
}

@article{osinga2011cross,
  title={Cross-currents between biology and mathematics on models of bursting},
  author={Osinga, HM and Sherman, A and Tsaneva-Atanasova, K},
  journal={Bristol Centre for Applied Nonlinear Mathematics preprint},
  volume={1737},
  year={2011}
}

@article{bertram1995topological,
  title={Topological and phenomenological classification of bursting oscillations},
  author={Bertram, Richard and Butte, Manish J and Kiemel, Tim and Sherman, Arthur},
  journal={Bulletin of mathematical biology},
  volume={57},
  number={3},
  pages={413--439},
  year={1995},
  publisher={Elsevier}
}

@article{golubitsky2001unfolding,
  title={An unfolding theory approach to bursting in fast-slow systems},
  author={Golubitsky, Martin and Josic, Kresimir and Kaper, Tasso J},
  journal={Global analysis of dynamical systems},
  pages={277--308},
  year={2001},
  publisher={Inst. Phys.}
}

@article{saggio2017fast,
  title={Fast--Slow Bursters in the Unfolding of a High Codimension Singularity and the Ultra-slow Transitions of Classes},
  author={Saggio, Maria Luisa and Spiegler, Andreas and Bernard, Christophe and Jirsa, Viktor K},
  journal={The Journal of Mathematical Neuroscience},
  volume={7},
  number={1},
  pages={7},
  year={2017},
  publisher={SpringerOpen}
}

@article{khibnik1998global,
  title={Global study of a family of cubic Li{\'e}nard equations},
  author={Khibnik, Alexander I and Krauskopf, Bernd and Rousseau, Christiane},
  journal={Nonlinearity},
  volume={11},
  number={6},
  pages={1505},
  year={1998},
  publisher={IOP Publishing}
}

@article{pernarowski1994fast,
  title={Fast subsystem bifurcations in a slowly varying Lienard system exhibiting bursting},
  author={Pernarowski, Mark},
  journal={SIAM Journal on Applied Mathematics},
  volume={54},
  number={3},
  pages={814--832},
  year={1994},
  publisher={SIAM}
}

@article{wiesenfeld1998minireview,
  title={Minireview of stochastic resonance},
  author={Wiesenfeld, Kurt and Jaramillo, Fernan},
  journal={Chaos: An Interdisciplinary Journal of Nonlinear Science},
  volume={8},
  number={3},
  pages={539--548},
  year={1998},
  publisher={American Institute of Physics}
}

@article{wang2009microfluidics,
  title={Microfluidics: a new cosset for neurobiology},
  author={Wang, Jinyi and Ren, Li and Li, Li and Liu, Wenming and Zhou, Jing and Yu, Wenhao and Tong, Denwen and Chen, Shulin},
  journal={Lab on a Chip},
  volume={9},
  number={5},
  pages={644--652},
  year={2009},
  publisher={Royal Society of Chemistry}
}

@article{sigworth2005microchip,
  title={Microchip technology in ion-channel research},
  author={Sigworth, Fred J and Klemic, Kathryn G},
  journal={IEEE transactions on nanobioscience},
  volume={4},
  number={1},
  pages={121--127},
  year={2005},
  publisher={IEEE}
}

@article{ionescu2005mammalian,
  title={Mammalian electrophysiology on a microfluidic platform},
  author={Ionescu-Zanetti, Cristian and Shaw, Robin M and Seo, Jeonggi and Jan, Yuh-Nung and Jan, Lily Y and Lee, Luke P},
  journal={Proceedings of the National Academy of Sciences},
  volume={102},
  number={26},
  pages={9112--9117},
  year={2005},
  publisher={National Acad Sciences}
}

@article{klemic2002micromolded,
  title={Micromolded PDMS planar electrode allows patch clamp electrical recordings from cells},
  author={Klemic, Kathryn G and Klemic, James F and Reed, Mark A and Sigworth, Fred J},
  journal={Biosensors and Bioelectronics},
  volume={17},
  number={6-7},
  pages={597--604},
  year={2002},
  publisher={Elsevier}
}

@article{klemic2005air,
  title={An air-molding technique for fabricating PDMS planar patch-clamp electrodes},
  author={Klemic, Kathryn G and Klemic, James F and Sigworth, Fred J},
  journal={Pfl{\"u}gers Archiv},
  volume={449},
  number={6},
  pages={564--572},
  year={2005},
  publisher={Springer}
}

@article{py2010novel,
  title={A novel silicon patch-clamp chip permits high-fidelity recording of ion channel activity from functionally defined neurons},
  author={Py, Christophe and Denhoff, Mike W and Martina, Marzia and Monette, Robert and Comas, Tanya and Ahuja, Tarun and Martinez, Dolores and Wingar, Simon and Caballero, Juan and Laframboise, Sylvain and others},
  journal={Biotechnology and bioengineering},
  volume={107},
  number={4},
  pages={593--600},
  year={2010},
  publisher={Wiley Online Library}
}

@article{py2014priming,
  title={Priming and testing silicon patch-clamp neurochips},
  author={Py, Christophe and Denhoff, Michael W and Sabourin, Nicaulas and Weber, John and Shiu, Matthew and Zhao, Ping},
  journal={New biotechnology},
  volume={31},
  number={5},
  pages={430--435},
  year={2014},
  publisher={Elsevier}
}

@article{yobas2013microsystems,
  title={Microsystems for cell-based electrophysiology},
  author={Yobas, Levent},
  journal={Journal of Micromechanics and Microengineering},
  volume={23},
  number={8},
  pages={083002},
  year={2013},
  publisher={IOP Publishing}
}

@article{rocha2015low,
  title={Low frequency electric current noise in glioma cell populations},
  author={Rocha, Paulo RF and Schlett, Paul and Schneider, Leonid and Dr{\"o}ge, Melanie and Mail{\"a}nder, Volker and Gomes, Henrique L and Blom, Paul WM and De Leeuw, Dago M},
  journal={Journal of Materials Chemistry B},
  volume={3},
  number={25},
  pages={5035--5039},
  year={2015},
  publisher={Royal Society of Chemistry}
}

@article{rocha2016electrochemical,
  title={Electrochemical noise and impedance of Au electrode/electrolyte interfaces enabling extracellular detection of glioma cell populations},
  author={Rocha, Paulo RF and Schlett, Paul and Kintzel, Ulrike and Mail{\"a}nder, Volker and Vandamme, Lode KJ and Zeck, Gunther and Gomes, Henrique L and Biscarini, Fabio and De Leeuw, Dago M},
  journal={Scientific reports},
  volume={6},
  pages={34843},
  year={2016},
  publisher={Nature Publishing Group}
}

@article{martinez2013development,
  title={Development of patch-clamp chips for mammalian cell applications},
  author={Martinez, Dolores and Martina, Marzia and Kremer, Laura and Monette, Robert and Comas, Tanya and Salim, Danish and Py, Christophe and W Denhoff, Mike and Mealing, Geoff},
  journal={Micro and Nanosystems},
  volume={5},
  number={4},
  pages={274--279},
  year={2013},
  publisher={Bentham Science Publishers}
}

@article{li2006microfluidic,
  title={Microfluidic system for planar patch clamp electrode arrays},
  author={Li, Xiaohui and Klemic, Kathryn G and Reed, Mark A and Sigworth, Fred J},
  journal={Nano letters},
  volume={6},
  number={4},
  pages={815--819},
  year={2006},
  publisher={ACS Publications}
}

@article{marmont1949studies,
  title={Studies on the axon membrane. I. A new method},
  author={Marmont, George},
  journal={Journal of cellular and comparative physiology},
  volume={34},
  number={3},
  pages={351--382},
  year={1949},
  publisher={Wiley Online Library}
}

@article{suter1999electrophysiological,
  title={Electrophysiological recording from brain slices},
  author={Suter, Kelly J and Smith, Bret N and Dudek, F Edward},
  journal={Methods},
  volume={18},
  number={2},
  pages={86--90},
  year={1999},
  publisher={Elsevier}
}

@article{connors1982electrophysiological,
  title={Electrophysiological properties of neocortical neurons in vitro},
  author={Connors, BW and Gutnick, MJ and Prince, DA},
  journal={Journal of Neurophysiology},
  volume={48},
  number={6},
  pages={1302--1320},
  year={1982},
  publisher={American Physiological Society Bethesda, MD}
}

@article{hamill1981improved,
  title={Improved patch-clamp techniques for high-resolution current recording from cells and cell-free membrane patches},
  author={Hamill, Owen P and Marty, A and Neher, Erwin and Sakmann, Bert and Sigworth, FJ},
  journal={Pfl{\"u}gers Archiv},
  volume={391},
  number={2},
  pages={85--100},
  year={1981},
  publisher={Springer}
}

@article{chen2013ultrasensitive,
  title={Ultrasensitive fluorescent proteins for imaging neuronal activity},
  author={Chen, Tsai-Wen and Wardill, Trevor J and Sun, Yi and Pulver, Stefan R and Renninger, Sabine L and Baohan, Amy and Schreiter, Eric R and Kerr, Rex A and Orger, Michael B and Jayaraman, Vivek and others},
  journal={Nature},
  volume={499},
  number={7458},
  pages={295},
  year={2013},
  publisher={Nature Publishing Group}
}

@article{chickarmane2005bifurcation,
  title={Bifurcation discovery tool},
  author={Chickarmane, Vijay and Paladugu, Sri R and Bergmann, Frank and Sauro, Herbert M},
  journal={Bioinformatics},
  volume={21},
  number={18},
  pages={3688--3690},
  year={2005},
  publisher={Oxford University Press}
}

@book{strogatz2018nonlinear,
  title={Nonlinear dynamics and chaos: with applications to physics, biology, chemistry, and engineering},
  author={Strogatz, Steven H},
  year={2018},
  publisher={CRC press}
}

@book{guckenheimer2013nonlinear,
  title={Nonlinear oscillations, dynamical systems, and bifurcations of vector fields},
  author={Guckenheimer, John and Holmes, Philip},
  volume={42},
  year={2013},
  publisher={Springer Science \& Business Media}
}

@book{kuznetsov2013elements,
  title={Elements of applied bifurcation theory},
  author={Kuznetsov, Yuri A},
  volume={112},
  year={2013},
  publisher={Springer Science \& Business Media}
}

@misc{beard2005computational,
  title={Computational modeling of physiological systems},
  author={Beard, Daniel A and Bassingthwaighte, James B and Greene, Andrew S},
  year={2005},
  publisher={American Physiological Society}
}

@article{simic2005towards,
  title={Towards a geometric theory of hybrid systems},
  author={Simic, Slobodan N and Johansson, Karl Henrik and Lygeros, John and Sastry, Shankar},
  journal={Dynamics of Continuous, Discrete and Impulsive Systems Series B: Applications and Algorithms},
  volume={12},
  number={5-6},
  pages={649--687},
  year={2005}
}

@book{gerstner2014neuronal,
  title={Neuronal dynamics: From single neurons to networks and models of cognition},
  author={Gerstner, Wulfram and Kistler, Werner M and Naud, Richard and Paninski, Liam},
  year={2014},
  publisher={Cambridge University Press}
}

@inproceedings{billings1980identification,
  title={Identification of nonlinear systems--a survey},
  author={Billings, Stephen A},
  booktitle={IEE Proceedings D (Control Theory and Applications)},
  volume={127},
  number={6},
  pages={272--285},
  year={1980},
  organization={IET}
}

@article{lu2006inverse,
  title={Inverse bifurcation analysis: application to simple gene systems},
  author={Lu, James and Engl, Heinz W and Schuster, Peter},
  journal={Algorithms for molecular biology},
  volume={1},
  number={1},
  pages={11},
  year={2006},
  publisher={Springer}
}

@article{engl2009inverse,
  title={Inverse problems in systems biology},
  author={Engl, Heinz W and Flamm, Christoph and K{\"u}gler, Philipp and Lu, James and M{\"u}ller, Stefan and Schuster, Peter},
  journal={Inverse Problems},
  volume={25},
  number={12},
  pages={123014},
  year={2009},
  publisher={IOP Publishing}
}

@incollection{engl2005nonlinear,
  title={Nonlinear inverse problems: theoretical aspects and some industrial applications},
  author={Engl, Heinz W and K{\"u}gler, Philipp},
  booktitle={Multidisciplinary methods for analysis optimization and control of complex systems},
  pages={3--47},
  year={2005},
  publisher={Springer}
}

@incollection{kitajima2015method,
  title={A Method for Constructing a Robust System Against Unexpected Parameter Variation},
  author={Kitajima, Hiroyuki and Yoshinaga, Tetsuya},
  booktitle={Analysis and Control of Complex Dynamical Systems},
  pages={41--48},
  year={2015},
  publisher={Springer}
}

@article{chialvo1993modulated,
  title={Modulated noisy biological dynamics: three examples},
  author={Chialvo, Dante R and Apkarian, A Vania},
  journal={Journal of Statistical Physics},
  volume={70},
  number={1-2},
  pages={375--391},
  year={1993},
  publisher={Springer}
}

@incollection{guevara2003bifurcations,
  title={Bifurcations involving fixed points and limit cycles in biological systems},
  author={Guevara, Michael R},
  booktitle={Nonlinear Dynamics in Physiology and Medicine},
  pages={41--85},
  year={2003},
  publisher={Springer}
}

@article{diaz2010bistable,
  title={Bistable behavior of the lac operon in E. coli when induced with a mixture of lactose and TMG},
  author={D{\'\i}az-Hern{\'a}ndez, Orlando and Santill{\'a}n, Mois{\'e}s},
  journal={Frontiers in physiology},
  volume={1},
  pages={158},
  year={2010},
  publisher={Frontiers}
}

@article{jost2014bifurcation,
  title={Bifurcation in epigenetics: implications in development, proliferation, and diseases},
  author={Jost, Daniel},
  journal={Physical Review E},
  volume={89},
  number={1},
  pages={010701},
  year={2014},
  publisher={APS}
}

 @article{tyson2001regulation,
  title={Regulation of the eukaryotic cell cycle: molecular antagonism, hysteresis, and irreversible transitions},
  author={Tyson, John J and Novak, Bela},
  journal={Journal of theoretical biology},
  volume={210},
  number={2},
  pages={249--263},
  year={2001},
  publisher={Elsevier}
}

@article{angeli2004detection,
  title={Detection of multistability, bifurcations, and hysteresis in a large class of biological positive-feedback systems},
  author={Angeli, David and Ferrell, James E and Sontag, Eduardo D},
  journal={Proceedings of the National Academy of Sciences},
  volume={101},
  number={7},
  pages={1822--1827},
  year={2004},
  publisher={National Acad Sciences}
}

@article{teka2011plateau,
  title={From plateau to pseudo-plateau bursting: Making the transition},
  author={Teka, Wondimu and Tsaneva-Atanasova, Krasimira and Bertram, Richard and Tabak, Jo{\"e}l},
  journal={Bulletin of mathematical biology},
  volume={73},
  number={6},
  pages={1292--1311},
  year={2011},
  publisher={Springer}
}

@article{an2006schizophrenia,
  title={Schizophrenia as a dynamical disease},
  author={An der Heiden, Uwe},
  journal={Pharmacopsychiatry},
  volume={39},
  number={S 1},
  pages={36--42},
  year={2006},
  publisher={{\copyright} Georg Thieme Verlag KG Stuttgart{\textperiodcentered} New York}
}

@article{volterra1928variations,
  title={Variations and fluctuations of the number of individuals in animal species living together},
  author={Volterra, Vito},
  journal={ICES Journal of Marine Science},
  volume={3},
  number={1},
  pages={3--51},
  year={1928},
  publisher={Oxford University Press}
}

 @article{mackey1977oscillation,
  title={Oscillation and chaos in physiological control systems},
  author={Mackey, Michael C and Glass, Leon},
  journal={Science},
  volume={197},
  number={4300},
  pages={287--289},
  year={1977},
  publisher={American Association for the Advancement of Science}
}

@article{mackey1987dynamical,
  title={Dynamical diseases},
  author={Mackey, Michael C and Milton, John G},
  journal={Neuroâ€”ophthalmology},
  volume={21},
  pages={24},
  year={1987}
}

@book{milton2000epilespy,
  title={Epilepsy: Multistability in a dynamic disease},
  author={Milton, John G},
  year={2000},
  publisher={Cambridge, UK: Cambridge Univ. Press}
}

@article{da2003epilepsies,
  title={Epilepsies as dynamical diseases of brain systems: basic models of the transition between normal and epileptic activity},
  author={Da Silva, Fernando Lopes and Blanes, Wouter and Kalitzin, Stiliyan N and Parra, Jaime and Suffczynski, Piotr and Velis, Demetrios N},
  journal={Epilepsia},
  volume={44},
  pages={72--83},
  year={2003},
  publisher={Wiley Online Library}
}

@article{mustafa2009non,
  title={Non-linear feedback modeling and bifurcation of the acetylcholine neurocycle and its relation to Alzheimer's and Parkinson's diseases},
  author={Mustafa, IH and Ibrahim, G and Elkamel, A and Elnashaie, SSEH and Chen, P},
  journal={Chemical Engineering Science},
  volume={64},
  number={1},
  pages={69--90},
  year={2009},
  publisher={Elsevier}
}

@book{hoppensteadt2012weakly,
  title={Weakly connected neural networks},
  author={Hoppensteadt, Frank C and Izhikevich, Eugene M},
  volume={126},
  year={2012},
  publisher={Springer Science \& Business Media}
}

@book{beuter2003nonlinear,
  title={Nonlinear dynamics in physiology and medicine},
  author={Beuter, Anne and Glass, Leon and Mackey, Michael C and Titcombe, Michele S},
  year={2003}
}

